% Encoding: UTF-8

@Article{,
  author = {Pablo Turmero},
  title  = {Fundamentos de robótica},
  url    = {https://www.monografias.com/trabajos102/fundamentos-robotica/fundamentos-robotica.shtml},
}

@Electronic{,
  author   = {Wikipedia},
  year     = {4 oct 2019},
  title    = {Jacobiano},
  language = {Español},
  url      = {https://es.wikipedia.org/wiki/Jacobiano},
}

@Comment{jabref-meta: databaseType:bibtex;}
